<record><leader>00000cas a22000007a 4500</leader><controlfield tag="001">39286349</controlfield><controlfield tag="008">980615d1883189utnuwr ne      0    0eng d</controlfield><datafield ind1=" " ind2=" " tag="010"><subfield code="a">sn 98069832 </subfield></datafield><datafield ind1=" " ind2=" " tag="040"><subfield code="a">TGN</subfield><subfield code="b">eng</subfield><subfield code="c">TGN</subfield><subfield code="d">OCLCQ</subfield><subfield code="d">OCLCF</subfield><subfield code="d">OCLCO</subfield></datafield><datafield ind1="1" ind2=" " tag="029"><subfield code="a">AU@</subfield><subfield code="b">000014018254</subfield></datafield><datafield ind1=" " ind2=" " tag="042"><subfield code="a">msc</subfield></datafield><datafield ind1=" " ind2=" " tag="043"><subfield code="a">n-us-tn</subfield></datafield><datafield ind1="0" ind2=" " tag="130"><subfield code="a">Times-journal (Waverly, Tenn.)</subfield></datafield><datafield ind1="1" ind2="0" tag="245"><subfield code="a">Times-journal.</subfield></datafield><datafield ind1=" " ind2=" " tag="260"><subfield code="a">Waverly, Tenn. :</subfield><subfield code="b">W.N. Sloan,</subfield><subfield code="c">1883-</subfield></datafield><datafield ind1=" " ind2=" " tag="300"><subfield code="a">v.</subfield></datafield><datafield ind1=" " ind2=" " tag="310"><subfield code="a">Weekly</subfield></datafield><datafield ind1="0" ind2=" " tag="362"><subfield code="a">Vol. 1, no. 1 (Aug. 9, 1883)-</subfield></datafield><datafield ind1=" " ind2=" " tag="500"><subfield code="a">Publishers: W.N. Sloan, &lt;1883&gt;; Sloan &amp; Jones, &lt;1890&gt;; Driver &amp; Crim, &lt;1892&gt;</subfield></datafield><datafield ind1=" " ind2=" " tag="580"><subfield code="a">Formed by the union of: Linden times, and: Waverly journal.</subfield></datafield><datafield ind1=" " ind2="0" tag="651"><subfield code="a">Waverly (Tenn.)</subfield><subfield code="v">Newspapers.</subfield></datafield><datafield ind1=" " ind2="0" tag="651"><subfield code="a">Humphreys County (Tenn.)</subfield><subfield code="v">Newspapers.</subfield></datafield><datafield ind1=" " ind2="7" tag="655"><subfield code="a">Newspapers.</subfield><subfield code="2">fast</subfield><subfield code="0">(OCoLC)fst01423814</subfield></datafield><datafield ind1=" " ind2="7" tag="651"><subfield code="a">Tennessee</subfield><subfield code="z">Humphreys County.</subfield><subfield code="2">fast</subfield><subfield code="0">(OCoLC)fst01208896</subfield></datafield><datafield ind1=" " ind2="7" tag="651"><subfield code="a">Tennessee</subfield><subfield code="z">Waverly.</subfield><subfield code="2">fast</subfield><subfield code="0">(OCoLC)fst01224276</subfield></datafield><datafield ind1=" " ind2=" " tag="752"><subfield code="a">United States</subfield><subfield code="b">Tennessee</subfield><subfield code="c">Humphreys</subfield><subfield code="d">Waverly.</subfield></datafield><datafield ind1="1" ind2="4" tag="780"><subfield code="t">Linden times</subfield><subfield code="w">(DLC)sn 98069777</subfield></datafield><datafield ind1="1" ind2="4" tag="780"><subfield code="t">Waverly journal</subfield><subfield code="w">(DLC)sn 86053578</subfield></datafield></record>